deuteron@physics-2.local.2555