%Physics Journals

@article{sargsian_2015,
author = {Boeglin, Werner and Sargsian, Misak},
title = {Modern studies of the Deuteron: From the lab frame to the light front},
journal = {International Journal of Modern Physics E},
volume = {24},
number = {03},
pages = {1530003},
year = {2015},
doi = {10.1142/S0218301315300039},
URL = {         https://doi.org/10.1142/S0218301315300039    },
eprint = {https://doi.org/10.1142/S0218301315300039}

%CLAS 2007 D(e,e'p) PRL
@article{PhysRevLett.98.262502,
  title = {Experimental Study of Exclusive $^{2}\mathrm{H}(e,{e}^{\ensuremath{'}}p)n$ Reaction Mechanisms at High ${Q}^{2}$},
  author = {Egiyan, K. S. and others},
  collaboration = {CLAS Collaboration},
  journal = {Phys. Rev. Lett.},
  volume = {98},
  issue = {26},
  pages = {262502},
  numpages = {6},
  year = {2007},
  month = {Jun},
  publisher = {American Physical Society},
  doi = {10.1103/PhysRevLett.98.262502},
  url = {https://link.aps.org/doi/10.1103/PhysRevLett.98.262502}
}

@article{PhysRevLett.107.262501,
  title = {Probing the High Momentum Component of the Deuteron at High ${Q}^{2}$},
  author = {Boeglin, W. U. and others},
  collaboration = {For the Hall A Collaboration},
  journal = {Phys. Rev. Lett.},
  volume = {107},
  issue = {26},
  pages = {262501},
  numpages = {6},
  year = {2011},
  month = {Dec},
  publisher = {American Physical Society},
  doi = {10.1103/PhysRevLett.107.262501},
  url = {https://link.aps.org/doi/10.1103/PhysRevLett.107.262501}
}
%Miscellaneous format
@misc{pr01-020,
  author       = {P.E. Ulmer and others},
  title        = {Short-{Distance Structure} of the {Deuteron} and {Reaction Dynamics} in $^{2}${H}(e,e'p)n},
  howpublished = {\url{https://www.jlab.org/exp_prog/proposals/01/PR01-020.pdf}},
  year         = {2001},
  note         = {\textit{Jefferson Lab Proposal E01-020}}
}