%Physics Journals
%Shown that below 300 MeV/c, FSIs, ICs, and MECs mutually cancel
@article{Arenhovel_1976,
author = {Werner Fabian and Harrtmuth Arenh√∂vel},
title = {Pion {E}xchange currents and {I}sobar {C}onfigurations in {D}euteron {E}lectro-{D}isintegration {B}elow {P}ion {T}hreshold},
journal = {Nuclear Physics A},
volume = {258},
number = {3},
pages = {461-479},
year = {1976},
issn = {0375-9474},
doi = {https://doi.org/10.1016/0375-9474(76)90485-1},
note = {\url{http://www.sciencedirect.com/science/article/pii/0375947476904851}},
}
