@FOOTNOTE{Note1,key="Note1",note="Conservative estimates on the systematic uncertainties of the total live and charge were made. Determination of systematics on these quantities is a work in progress."}
@FOOTNOTE{Note2,key="Note2",note="The kinematical factor in Eq.\ref {eq:1} is defined as $K\equiv E_{\protect \mathrm  {f}}p_{\protect \mathrm  {f}}$, where $E_{\protect \mathrm  {f}}$ and $p_{\protect \mathrm  {f}}$ are the final proton energy and momentum, respectively."}
@FOOTNOTE{Note3,key="Note3",note="The recoil factor in Eq.\ref {eq:1} is obtained by integrating over the deuteron binding energy in the 6-fold differential cross section and is defined as $f_{\protect \mathrm  {rec}}\equiv {\begingroup 2p_{\protect \mathrm  {f}}^{2}E_{\protect \mathrm  {r}}\endgroup \over 2p_{\protect \mathrm  {f}}^{2}E_{\protect \mathrm  {r}} - (q^{2} - (p_{\protect \mathrm  {f}}^{2} + p_{\protect \mathrm  {r}}^{2}))E_{\protect \mathrm  {f}}}$, where $E_{\protect \mathrm  {f}}$ and $p_{\protect \mathrm  {f}}$ are the final proton energy and momentum, respectively."}
@CONTROL{REVTEX42Control}
@CONTROL{apsrev42Control,author="08",editor="1",pages="0",title="0",year="1"}
