%Physics Journals
@article{PhysRevC.82.014612,
  title = {Large ${Q}^{2}$ electrodisintegration of the deuteron in the virtual nucleon approximation},
  author = {Sargsian, Misak M.},
  journal = {Phys. Rev. C},
  volume = {82},
  issue = {1},
  pages = {014612},
  numpages = {12},
  year = {2010},
  month = {Jul},
  publisher = {American Physical Society},
  doi = {10.1103/PhysRevC.82.014612},
  url = {https://link.aps.org/doi/10.1103/PhysRevC.82.014612}
}

%GEA Calculations
@article{PhysRevC.56.1124,
  title = {Feynman graphs and generalized eikonal approach to high energy knock-out processes},
  author = {Frankfurt, L. L. and Sargsian, M. M. and Strikman, M. I.},
  journal = {Phys. Rev. C},
  volume = {56},
  issue = {2},
  pages = {1124--1137},
  numpages = {0},
  year = {1997},
  month = {Aug},
  publisher = {American Physical Society},
  doi = {10.1103/PhysRevC.56.1124},
  url = {https://link.aps.org/doi/10.1103/PhysRevC.56.1124}
}

@article{Sargsian_2001,
   title={{Selected Topics} in {High Energy Semi-Exclusive Electro-Nuclear Reactions}},
   volume={10},
   ISSN={1793-6608},
   url={http://dx.doi.org/10.1142/S0218301301000617},
   DOI={10.1142/s0218301301000617},
   number={06},
   journal={International Journal of Modern Physics E},
   publisher={World Scientific Pub Co Pte Lt},
   author={Sargsian, Misak M.},
   year={2001},
   month={Dec},
   pages={405–457}
}
@article{sargsian_2015,
author = {Boeglin, Werner and Sargsian, Misak},
title = {Modern studies of the Deuteron: From the lab frame to the light front},
journal = {International Journal of Modern Physics E},
volume = {24},
number = {03},
pages = {1530003},
year = {2015},
doi = {10.1142/S0218301315300039},
URL = {         https://doi.org/10.1142/S0218301315300039    },
eprint = {https://doi.org/10.1142/S0218301315300039}
}

%Hall A 2002 D(e,e'p)n PRL
@article{PhysRevLett.89.062301,
  title = {$^{\mathrm{2}}\mathrm{H}(e,{e}^{\ensuremath{'}}p)n$ Reaction at High Recoil Momenta},
  author = {Ulmer, P. E. and others},
  journal = {Phys. Rev. Lett.},
  volume = {89},
  issue = {6},
  pages = {062301},
  numpages = {4},
  year = {2002},
  month = {Jul},
  publisher = {American Physical Society},
  doi = {10.1103/PhysRevLett.89.062301},
  url = {https://link.aps.org/doi/10.1103/PhysRevLett.89.062301}
}

%----Arenhovel, et. al Calculations used in Hall A 2002 D(e,e'p)n PRL. See Ref. 29 of that PRL----
@article{PhysRevC.43.1022,
  title = {Inclusive deuteron electrodisintegration with polarized electrons and a polarized target},
  author = {Arenh\"ovel, H. and Leidemann, W. and Tomusiak, E. L.},
  journal = {Phys. Rev. C},
  volume = {43},
  issue = {3},
  pages = {1022--1037},
  numpages = {0},
  year = {1991},
  month = {Mar},
  publisher = {American Physical Society},
  doi = {10.1103/PhysRevC.43.1022},
  url = {https://link.aps.org/doi/10.1103/PhysRevC.43.1022}
}
@article{PhysRevC.46.455,
  title = {Exclusive deuteron electrodisintegration with polarized electrons and a polarized target},
  author = {Arenh\"ovel, Hartmuth and Leidemann, Winfried and Tomusiak, Edward L.},
  journal = {Phys. Rev. C},
  volume = {46},
  issue = {2},
  pages = {455--470},
  numpages = {0},
  year = {1992},
  month = {Aug},
  publisher = {American Physical Society},
  doi = {10.1103/PhysRevC.46.455},
  url = {https://link.aps.org/doi/10.1103/PhysRevC.46.455}
}
@article{PhysRevC.52.1232,
  title = {Nucleon polarization in exclusive deuteron electrodisintegration with polarized electrons and a polarized target},
  author = {Arenh\"ovel, Hartmuth and Leidemann, Winfried and Tomusiak, Edward L.},
  journal = {Phys. Rev. C},
  volume = {52},
  issue = {3},
  pages = {1232--1253},
  numpages = {0},
  year = {1995},
  month = {Sep},
  publisher = {American Physical Society},
  doi = {10.1103/PhysRevC.52.1232},
  url = {https://link.aps.org/doi/10.1103/PhysRevC.52.1232}
}
@article{PhysRevC.55.2214,
  title = {Consistent treatment of relativistic effects in electrodisintegration of the deuteron},
  author = {Arenh\"ovel, H. and Ritz, F. and G\"oller, H. and Wilbois, T.},
  journal = {Phys. Rev. C},
  volume = {55},
  issue = {5},
  pages = {2214--2233},
  numpages = {0},
  year = {1997},
  month = {May},
  publisher = {American Physical Society},
  doi = {10.1103/PhysRevC.55.2214},
  url = {https://link.aps.org/doi/10.1103/PhysRevC.55.2214}
}
%--------

%CLAS 2007 D(e,e'p)n PRL
@article{PhysRevLett.98.262502,
  title = {Experimental Study of Exclusive $^{2}\mathrm{H}(e,{e}^{\ensuremath{'}}p)n$ Reaction Mechanisms at High ${Q}^{2}$},
  author = {Egiyan, K. S. and others},
  collaboration = {CLAS Collaboration},
  journal = {Phys. Rev. Lett.},
  volume = {98},
  issue = {26},
  pages = {262502},
  numpages = {6},
  year = {2007},
  month = {Jun},
  publisher = {American Physical Society},
  doi = {10.1103/PhysRevLett.98.262502},
  url = {https://link.aps.org/doi/10.1103/PhysRevLett.98.262502}
}

%Hall A D(e,e'p)n Experiment (2011) PRL
@article{PhysRevLett.107.262501,
  title = {Probing the High Momentum Component of the Deuteron at High ${Q}^{2}$},
  author = {Boeglin, W. U. and others},
  collaboration = {For the Hall A Collaboration},
  journal = {Phys. Rev. Lett.},
  volume = {107},
  issue = {26},
  pages = {262501},
  numpages = {6},
  year = {2011},
  month = {Dec},
  publisher = {American Physical Society},
  doi = {10.1103/PhysRevLett.107.262501},
  url = {https://link.aps.org/doi/10.1103/PhysRevLett.107.262501}
}

%J. Arrington Form Factor Parametrization
@article{PhysRevC.69.022201,
  title = {Implications of the discrepancy between proton form factor measurements},
  author = {Arrington, J.},
  journal = {Phys. Rev. C},
  volume = {69},
  issue = {2},
  pages = {022201},
  numpages = {5},
  year = {2004},
  month = {Feb},
  publisher = {American Physical Society},
  doi = {10.1103/PhysRevC.69.022201},
  url = {https://link.aps.org/doi/10.1103/PhysRevC.69.022201}
}



%multiple times resulting in either the spectrometer angle or momentum not bein
%----------Sources for articles on SRC for A>=3 nuclei-----------
@article{PhysRevC.68.014313,
  title = {Observation of nuclear scaling in the ${A(e,e}^{\ensuremath{'}})$ reaction at ${x}_{B}>1$},
  author = {Egiyan, K. Sh. and others},
  collaboration = {CLAS Collaboration},
  journal = {Phys. Rev. C},
  volume = {68},
  issue = {1},
  pages = {014313},
  numpages = {10},
  year = {2003},
  month = {Jul},
  publisher = {American Physical Society},
  doi = {10.1103/PhysRevC.68.014313},
  url = {https://link.aps.org/doi/10.1103/PhysRevC.68.014313}
}

@article{PhysRevLett.96.082501,
  title = {Measurement of Two- and Three-Nucleon Short-Range Correlation Probabilities in Nuclei},
  author = {Egiyan, K. S. and others},
  collaboration = {CLAS Collaboration},
  journal = {Phys. Rev. Lett.},
  volume = {96},
  issue = {8},
  pages = {082501},
  numpages = {6},
  year = {2006},
  month = {Mar},
  publisher = {American Physical Society},
  doi = {10.1103/PhysRevLett.96.082501},
  url = {https://link.aps.org/doi/10.1103/PhysRevLett.96.082501}
}

@article{PhysRevLett.99.072501,
  title = {Investigation of Proton-Proton Short-Range Correlations via the $^{12}\mathrm{C}(e,{e}^{\ensuremath{'}}pp)$ Reaction},
  author = {Shneor, R. and others},
  collaboration = {Jefferson Lab Hall A Collaboration},
  journal = {Phys. Rev. Lett.},
  volume = {99},
  issue = {7},
  pages = {072501},
  numpages = {5},
  year = {2007},
  month = {Aug},
  publisher = {American Physical Society},
  doi = {10.1103/PhysRevLett.99.072501},
  url = {https://link.aps.org/doi/10.1103/PhysRevLett.99.072501}
}

@article{Fomin_2017,
   title={New Results on Short-Range Correlations in Nuclei},
   volume={67},
   ISSN={1545-4134},
   url={http://dx.doi.org/10.1146/annurev-nucl-102115-044939},
   DOI={10.1146/annurev-nucl-102115-044939},
   number={1},
   journal={Annual Review of Nuclear and Particle Science},
   publisher={Annual Reviews},
   author={Fomin, Nadia and Higinbotham, Douglas and Sargsian, Misak and Solvignon, Patricia},
   year={2017},
   month={Oct},
   pages={129–159}
}

%-----------------------------------------------------------


%--------------Transition from Nucleonic to Quark-gluon degrees of freedom experimental observations Articles-------
@article{PhysRevLett.81.4576,
  title = {Measurements of Deuteron Photodisintegration up to 4.0 GeV},
  author = {Bochna, C. and others},
  journal = {Phys. Rev. Lett.},
  volume = {81},
  issue = {21},
  pages = {4576--4579},
  numpages = {0},
  year = {1998},
  month = {Nov},
  publisher = {American Physical Society},
  doi = {10.1103/PhysRevLett.81.4576},
  url = {https://link.aps.org/doi/10.1103/PhysRevLett.81.4576}
}


@article{PhysRevLett.87.102302,
  title = {Measurement of the High Energy Two-Body Deuteron Photodisintegration Differential Cross Section},
  author = {Schulte, E. C. and others},
  journal = {Phys. Rev. Lett.},
  volume = {87},
  issue = {10},
  pages = {102302},
  numpages = {4},
  year = {2001},
  month = {Aug},
  publisher = {American Physical Society},
  doi = {10.1103/PhysRevLett.87.102302},
  url = {https://link.aps.org/doi/10.1103/PhysRevLett.87.102302}
}

@article{PhysRevC.66.042201,
  title = {High energy angular distribution measurements of the exclusive deuteron photodisintegration reaction},
  author = {Schulte, E. C. and others},
  journal = {Phys. Rev. C},
  volume = {66},
  issue = {4},
  pages = {042201},
  numpages = {5},
  year = {2002},
  month = {Oct},
  publisher = {American Physical Society},
  doi = {10.1103/PhysRevC.66.042201},
  url = {https://link.aps.org/doi/10.1103/PhysRevC.66.042201}
}

@article{PhysRevC.70.014005,
  title = {Complete angular distribution measurements of two-body deuteron photodisintegration between $0.5$ and $3\phantom{\rule{0.3em}{0ex}}\mathrm{GeV}$},
  author = {Mirazita, M. and others},
  collaboration = {CLAS Collaboration},
  journal = {Phys. Rev. C},
  volume = {70},
  issue = {1},
  pages = {014005},
  numpages = {12},
  year = {2004},
  month = {Jul},
  publisher = {American Physical Society},
  doi = {10.1103/PhysRevC.70.014005},
  url = {https://link.aps.org/doi/10.1103/PhysRevC.70.014005}
}

%-------------------------------------------------------------------------------------------------------------------

%------------------------PROPOSALS----------------------
%Proposal E94-004: discusses parallel/perp. kinematics
@misc{pr01-020,
  author       = {P.E. Ulmer and others},
  title        = {Short-{Distance Structure} of the {Deuteron} and {Reaction Dynamics} in $^{2}${H}(e,e'p)n},
  howpublished = {\url{https://www.jlab.org/exp_prog/proposals/01/PR01-020.pdf}},
  year         = {2001},
  note         = {\textit{Jefferson Lab Proposal E01-020}}
}
@misc{e12_10_003_proposal,
  title        = {Deuteron {Electro-Disintegration} at {Very High Missing Momenta}},
  author       = {W. U. Boeglin and others},
  howpublished = {\url{https://www.jlab.org/exp_prog/proposals/10/PR12-10-003.pdf}}
  year         = {2014},
  note         = {\textit{Jefferson Lab Proposal E12-10-003}}

}

%-----------------------------------

%-------P. Bosted Form Factor Parametrization------
@article{PhysRevC.51.409,
  title = {Empirical fit to the nucleon electromagnetic form factors},
  author = {Bosted, P. E.},
  journal = {Phys. Rev. C},
  volume = {51},
  issue = {1},
  pages = {409--411},
  numpages = {0},
  year = {1995},
  month = {Jan},
  publisher = {American Physical Society},
  doi = {10.1103/PhysRevC.51.409},
  url = {https://link.aps.org/doi/10.1103/PhysRevC.51.409}
}

%-------M. Lacombe,  Paris Potential Parametrization--------
@article{PhysRevC.21.861,
  title = {Parametrization of the Paris $N\ensuremath{-}N$ potential},
  author = {Lacombe, M. and Loiseau, B. and Richard, J. M. and Mau, R. Vinh and C\^ot\'e, J. and Pir\`es, P. and de Tourreil, R.},
  journal = {Phys. Rev. C},
  volume = {21},
  issue = {3},
  pages = {861--873},
  numpages = {0},
  year = {1980},
  month = {Mar},
  publisher = {American Physical Society},
  doi = {10.1103/PhysRevC.21.861},
  url = {https://link.aps.org/doi/10.1103/PhysRevC.21.861}
}

%------------CD Bonn Potential-------------
@article{PhysRevC.63.024001,
  title = {High-precision, charge-dependent Bonn nucleon-nucleon potential},
  author = {Machleidt, R.},
  journal = {Phys. Rev. C},
  volume = {63},
  issue = {2},
  pages = {024001},
  numpages = {32},
  year = {2001},
  month = {Jan},
  publisher = {American Physical Society},
  doi = {10.1103/PhysRevC.63.024001},
  url = {https://link.aps.org/doi/10.1103/PhysRevC.63.024001}
}

%-------AV18 Potential------------
@article{PhysRevC.51.38,
  title = {Accurate nucleon-nucleon potential with charge-independence breaking},
  author = {Wiringa, R. B. and Stoks, V. G. J. and Schiavilla, R.},
  journal = {Phys. Rev. C},
  volume = {51},
  issue = {1},
  pages = {38--51},
  numpages = {0},
  year = {1995},
  month = {Jan},
  publisher = {American Physical Society},
  doi = {10.1103/PhysRevC.51.38},
  url = {https://link.aps.org/doi/10.1103/PhysRevC.51.38}
}

%-------deForest (1983) sigma_cc1 definition--------
@article{DEFOREST1983,
title = {Off-shell electron-nucleon cross sections: The impulse approximation},
author = {Taber De Forest},
journal = {Nuclear Physics A},
volume = {392},
number = {2},
pages = {232--248},
year = {1983},
issn = {0375-9474},
doi = {https://doi.org/10.1016/0375-9474(83)90124-0},
url = {http://www.sciencedirect.com/science/article/pii/0375947483901240}
}

%---------J.M. Laget (2005)----------
@article{LAGET2005,
title = {The electro-disintegration of few body systems revisited},
author = {J.M. Laget},
journal = {Physics Letters B},
volume = {609},
number = {1},
pages = {49 - 56},
year = {2005},
issn = {0370-2693},
doi = {https://doi.org/10.1016/j.physletb.2005.01.046},
url = {http://www.sciencedirect.com/science/article/pii/S0370269305001139}
}

%-------Detectors NIM Articles (or technical reports or manuals)--------

%HMS/SHMS Calorimeters
@article{Mkrtchyan_2013,
   title={The lead-glass electromagnetic calorimeters for the magnetic spectrometers in Hall C at Jefferson Lab},
   volume={719},
   ISSN={0168-9002},
   url={http://dx.doi.org/10.1016/j.nima.2013.03.070},
   DOI={10.1016/j.nima.2013.03.070},
   journal={Nuclear Instruments and Methods in Physics Research Section A: Accelerators, Spectrometers, Detectors and Associated Equipment},
   publisher={Elsevier BV},
   author={Mkrtchyan, H. and others},
   year={2013},
   month={Aug},
   pages={85–100}
}
%SHMS Hodoscopoes Technical Doc
@misc{hodo_techreport,
  author       = {G. Niculescu and I. Niculescu and M. Burton and D. Coquelin and K. Nisson and T. Jarell}, 
  title        = {SHMS Hodoscope Scintillator Detectors},
  note         = {\url{https://hallcweb.jlab.org/document/howtos/shms_scintillator_hodoscope.pdf}}
}

%SHMS Noble Gas Cherenkov Tech Doc.
@misc{ngc_techreport,
  author       = {D. Day}, 
  title        = {Preliminary Design of the SHMS Noble Cerenkov Detector},
  note         = {\url{https://hallcweb.jlab.org/DocDB/0009/000933/001/shms-cerv6.pdf}}
}

%SHMS Drift Chambers Tech Doc.
@misc{dc_techreport,
  author       = {M.E. Christy and P. Monaghan and N. Kalantarians and D. Biswas and M. Long}, 
  title        = {SHMS Drift Chambers},
  note         = {\url{https://hallcweb.jlab.org/document/howtos/shms_drift_chambers.pdf}}
}

%Heavy Gas Cherenkov
@mastersthesis{Li_Wenliang_mthesis,
    author    = {Wenliang Li},
    title     = {Heavy Gas Cherenkov Detector Construction for Hall C at Thomas Jefferson National Accelerator Facility},
    school    = {University of Regina},
    year      = {2012},
    month    = {October},
    url     =  {https://ourspace.uregina.ca/handle/10294/3818}
}



%------ Database Citations (citing Hall C DOC DB)--------

%Target Boiling Studies
@misc{cyero_tgtBoil,
  title        = {HMS Target Boiling Studies},
  author       = {Carlos Yero}, 
  year         = {2019},
  note         = {\url{https://hallcweb.jlab.org/DocDB/0010/001023/003/TargetBoiling_v2.pdf}}
}

%Proton Absorption
@misc{cyero_pAbs,
  title        = {Proton Absorption},
  author       = {Carlos Yero}, 
  year         = {2019},
  note = {\url{https://hallcweb.jlab.org/DocDB/0010/001020/002/ProtonAbsorption_slides.pdf}}

}

%Kinematical Offsets and Uncertainties Determination
@misc{cyero_specKinUnc,
  title        = {Update on Spectrometer Offsets Determination Using H(e,e'p) Elastics},
  author       = {Carlos Yero}, 
  year         = {2019},
  note = {\url{https://hallcweb.jlab.org/DocDB/0010/001036/002/HC_SoftwareMeeting_Oct03_2019_pdf.pdf}}

}

%Optics Optimization Report
@misc{cyero_SHMSOptics,
  author       = {Carlos Yero}, 
  title        = {Optics Optimization for the D(e,e'p)n Experiment [E12-10-003]},
  year         = {2019},
  note         = {\url{https://hallcweb.jlab.org/DocDB/0010/001033/001/d2_optim.pdf}}
}
