%Physics Journals
%Shown that below 300 MeV/c, FSIs, ICs, and MECs mutually cancel
@article{Arenhovel_1976,
author = {Werner Fabian and Harrtmuth Arenhövel},
title = {Pion {E}xchange currents and {I}sobar {C}onfigurations in {D}euteron {E}lectro-{D}isintegration {B}elow {P}ion {T}hreshold},
journal = {Nuclear Physics A},
volume = {258},
number = {3},
pages = {461-479},
year = {1976},
issn = {0375-9474},
doi = {https://doi.org/10.1016/0375-9474(76)90485-1},
note = {\url{http://www.sciencedirect.com/science/article/pii/0375947476904851}},
}

@article{PhysRevC.82.014612,
  title = {Large ${Q}^{2}$ electrodisintegration of the deuteron in the virtual nucleon approximation},
  author = {Sargsian, Misak M.},
  journal = {Phys. Rev. C},
  volume = {82},
  issue = {1},
  pages = {014612},
  numpages = {12},
  year = {2010},
  month = {Jul},
  publisher = {American Physical Society},
  doi = {10.1103/PhysRevC.82.014612},
  url = {https://link.aps.org/doi/10.1103/PhysRevC.82.014612}
}

%GEA Calculations
@article{PhysRevC.56.1124,
  title = {Feynman graphs and generalized eikonal approach to high energy knock-out processes},
  author = {Frankfurt, L. L. and Sargsian, M. M. and Strikman, M. I.},
  journal = {Phys. Rev. C},
  volume = {56},
  issue = {2},
  pages = {1124--1137},
  numpages = {0},
  year = {1997},
  month = {Aug},
  publisher = {American Physical Society},
  doi = {10.1103/PhysRevC.56.1124},
  url = {https://link.aps.org/doi/10.1103/PhysRevC.56.1124}
}

@article{Sargsian_2001,
   title={{Selected Topics} in {High Energy Semi-Exclusive Electro-Nuclear Reactions}},
   volume={10},
   ISSN={1793-6608},
   url={http://dx.doi.org/10.1142/S0218301301000617},
   DOI={10.1142/s0218301301000617},
   number={06},
   journal={International Journal of Modern Physics E},
   publisher={World Scientific Pub Co Pte Lt},
   author={Sargsian, Misak M.},
   year={2001},
   month={Dec},
   pages={405–457}
}
@article{sargsian_2015,
author = {Boeglin, Werner and Sargsian, Misak},
title = {Modern studies of the {D}euteron: {F}rom the lab frame to the light front},
journal = {International Journal of Modern Physics E},
volume = {24},
number = {03},
pages = {1530003},
year = {2015},
doi = {10.1142/S0218301315300039},
URL = {         https://doi.org/10.1142/S0218301315300039    },
eprint = {https://doi.org/10.1142/S0218301315300039}
}

%J.W.V.Orden Momentum Distributions (2014)
@article{PhysRevC.90.064006,
  title = {Momentum distributions for $^{2}\mathrm{H}(e,{e}^{\ensuremath{'}}p)$},
  author = {Ford, William P. and Jeschonnek, Sabine and Van Orden, J. W.},
  journal = {Phys. Rev. C},
  volume = {90},
  issue = {6},
  pages = {064006},
  numpages = {11},
  year = {2014},
  month = {Dec},
  publisher = {American Physical Society},
  doi = {10.1103/PhysRevC.90.064006},
  URL = {https://link.aps.org/doi/10.1103/PhysRevC.90.064006}
}

%GKex05 FOFA parametrization
@article{PhysRevC.66.045501,
  title = {{Effect of recent ${R}_{p}$ and ${R}_{n}$ measurements on extended Gari-Kr\"umpelmann model fits to nucleon electromagnetic form factors}},
  author = {Lomon, Earle L.},
  journal = {Phys. Rev. C},
  volume = {66},
  issue = {4},
  pages = {045501},
  numpages = {7},
  year = {2002},
  month = {Oct},
  publisher = {American Physical Society},
  doi = {10.1103/PhysRevC.66.045501},
  url = {https://link.aps.org/doi/10.1103/PhysRevC.66.045501}
}
@misc{lomon2006effect,
    title={{Effect of revised $R_n$ measurements on extended Gari-Krumpelmann model fits to nucleon electromagnetic form factors}},
    author={Earle L. Lomon},
    year={2006},
    eprint={nucl-th/0609020},
    archivePrefix={arXiv},
    primaryClass={nucl-th}
}

%AMT
@article{PhysRevC.76.035205,
  title = {{Global analysis of proton elastic form factor data with two-photon exchange corrections}},
  author = {Arrington, J. and Melnitchouk, W. and Tjon, J. A.},
  journal = {Phys. Rev. C},
  volume = {76},
  issue = {3},
  pages = {035205},
  numpages = {11},
  year = {2007},
  month = {Sep},
  publisher = {American Physical Society},
  doi = {10.1103/PhysRevC.76.035205},
  url = {https://link.aps.org/doi/10.1103/PhysRevC.76.035205}
}


%WJC1 & 2 NN Potential
@article{Gross_2007,
   title={{High-precision covariant one-boson-exchange potentials for np scattering below 350 MeV}},
   volume={657},
   ISSN={0370-2693},
   url={http://dx.doi.org/10.1016/j.physletb.2007.10.028},
   DOI={10.1016/j.physletb.2007.10.028},
   number={4-5},
   journal={Physics Letters B},
   publisher={Elsevier BV},
   author={Gross, Franz and Stadler, Alfred},
   year={2007},
   month={Dec},
   pages={176–179}
}

%Covariant Spectator Theory (CST)
@article{PhysRev.186.1448,
  title = {Three-Dimensional Covariant Integral Equations for Low-Energy Systems},
  author = {Gross, Franz},
  journal = {Phys. Rev.},
  volume = {186},
  issue = {5},
  pages = {1448--1462},
  numpages = {0},
  year = {1969},
  month = {Oct},
  publisher = {American Physical Society},
  doi = {10.1103/PhysRev.186.1448},
  url = {https://link.aps.org/doi/10.1103/PhysRev.186.1448}
}

@article{PhysRevD.10.223,
  title = {New theory of nuclear forces. Relativistic origin of the repulsive core},
  author = {Gross, Franz},
  journal = {Phys. Rev. D},
  volume = {10},
  issue = {1},
  pages = {223--242},
  numpages = {0},
  year = {1974},
  month = {Jul},
  publisher = {American Physical Society},
  doi = {10.1103/PhysRevD.10.223},
  url = {https://link.aps.org/doi/10.1103/PhysRevD.10.223}
}
@article{PhysRevC.26.2203,
  title = {Relativistic few-body problem. I. Two-body equations},
  author = {Gross, Franz},
  journal = {Phys. Rev. C},
  volume = {26},
  issue = {5},
  pages = {2203--2225},
  numpages = {0},
  year = {1982},
  month = {Nov},
  publisher = {American Physical Society},
  doi = {10.1103/PhysRevC.26.2203},
  url = {https://link.aps.org/doi/10.1103/PhysRevC.26.2203}
}
@article{PhysRevC.26.2226,
  title = {Relativistic few-body problem. II. Three-body equations and three-body forces},
  author = {Gross, Franz},
  journal = {Phys. Rev. C},
  volume = {26},
  issue = {5},
  pages = {2226--2241},
  numpages = {0},
  year = {1982},
  month = {Nov},
  publisher = {American Physical Society},
  doi = {10.1103/PhysRevC.26.2226},
  url = {https://link.aps.org/doi/10.1103/PhysRevC.26.2226}
}


%Hall A 2002 D(e,e'p)n PRL
@article{PhysRevLett.89.062301,
  title = {$^{\mathrm{2}}\mathrm{H}(e,{e}^{\ensuremath{'}}p)n$ Reaction at High Recoil Momenta},
  author = {Ulmer, P. E. and others},
  journal = {Phys. Rev. Lett.},
  volume = {89},
  issue = {6},
  pages = {062301},
  numpages = {4},
  year = {2002},
  month = {Jul},
  publisher = {American Physical Society},
  doi = {10.1103/PhysRevLett.89.062301},
  url = {https://link.aps.org/doi/10.1103/PhysRevLett.89.062301}
}

%----Arenhovel, et. al Calculations used in Hall A 2002 D(e,e'p)n PRL. See Ref. 29 of that PRL----
@article{PhysRevC.43.1022,
  title = {Inclusive deuteron electrodisintegration with polarized electrons and a polarized target},
  author = {Arenh\"ovel, H. and Leidemann, W. and Tomusiak, E. L.},
  journal = {Phys. Rev. C},
  volume = {43},
  issue = {3},
  pages = {1022--1037},
  numpages = {0},
  year = {1991},
  month = {Mar},
  publisher = {American Physical Society},
  doi = {10.1103/PhysRevC.43.1022},
  url = {https://link.aps.org/doi/10.1103/PhysRevC.43.1022}
}
@article{PhysRevC.46.455,
  title = {Exclusive deuteron electrodisintegration with polarized electrons and a polarized target},
  author = {Arenh\"ovel, Hartmuth and Leidemann, Winfried and Tomusiak, Edward L.},
  journal = {Phys. Rev. C},
  volume = {46},
  issue = {2},
  pages = {455--470},
  numpages = {0},
  year = {1992},
  month = {Aug},
  publisher = {American Physical Society},
  doi = {10.1103/PhysRevC.46.455},
  url = {https://link.aps.org/doi/10.1103/PhysRevC.46.455}
}
@article{PhysRevC.52.1232,
  title = {Nucleon polarization in exclusive deuteron electrodisintegration with polarized electrons and a polarized target},
  author = {Arenh\"ovel, Hartmuth and Leidemann, Winfried and Tomusiak, Edward L.},
  journal = {Phys. Rev. C},
  volume = {52},
  issue = {3},
  pages = {1232--1253},
  numpages = {0},
  year = {1995},
  month = {Sep},
  publisher = {American Physical Society},
  doi = {10.1103/PhysRevC.52.1232},
  url = {https://link.aps.org/doi/10.1103/PhysRevC.52.1232}
}
@article{PhysRevC.55.2214,
  title = {Consistent treatment of relativistic effects in electrodisintegration of the deuteron},
  author = {Arenh\"ovel, H. and Ritz, F. and G\"oller, H. and Wilbois, T.},
  journal = {Phys. Rev. C},
  volume = {55},
  issue = {5},
  pages = {2214--2233},
  numpages = {0},
  year = {1997},
  month = {May},
  publisher = {American Physical Society},
  doi = {10.1103/PhysRevC.55.2214},
  url = {https://link.aps.org/doi/10.1103/PhysRevC.55.2214}
}
%--------

%CLAS 2007 D(e,e'p)n PRL
@article{PhysRevLett.98.262502,
  title = {Experimental {S}tudy of {E}xclusive $^{2}\mathrm{H}(e,e'p)n$ {R}eaction {M}echanisms at {H}igh ${Q}^{2}$},
  author = {Egiyan, K. S. and others},
  collaboration = {CLAS Collaboration},
  journal = {Phys. Rev. Lett.},
  volume = {98},
  issue = {26},
  pages = {262502},
  numpages = {6},
  year = {2007},
  month = {Jun},
  publisher = {American Physical Society},
  doi = {10.1103/PhysRevLett.98.262502},
  url = {https://link.aps.org/doi/10.1103/PhysRevLett.98.262502}
}

%Hall A D(e,e'p)n Experiment (2011) PRL
@article{PhysRevLett.107.262501,
  title = {Probing the {H}igh {M}omentum {C}omponent of the {D}euteron at {H}igh ${Q}^{2}$},
  author = {Boeglin, W. U. and others},
  collaboration = {For the Hall A Collaboration},
  journal = {Phys. Rev. Lett.},
  volume = {107},
  issue = {26},
  pages = {262501},
  numpages = {6},
  year = {2011},
  month = {Dec},
  publisher = {American Physical Society},
  doi = {10.1103/PhysRevLett.107.262501},
  url = {https://link.aps.org/doi/10.1103/PhysRevLett.107.262501}
}

%J. Arrington Form Factor Parametrization
@article{PhysRevC.69.022201,
  title = {Implications of the discrepancy between proton form factor measurements},
  author = {Arrington, J.},
  journal = {Phys. Rev. C},
  volume = {69},
  issue = {2},
  pages = {022201},
  numpages = {5},
  year = {2004},
  month = {Feb},
  publisher = {American Physical Society},
  doi = {10.1103/PhysRevC.69.022201},
  url = {https://link.aps.org/doi/10.1103/PhysRevC.69.022201}
}



%multiple times resulting in either the spectrometer angle or momentum not bein
%----------Sources for articles on SRC for A>=3 nuclei-----------
@article{PhysRevC.68.014313,
  title = {Observation of nuclear scaling in the ${A}(e,e')$ reaction at ${x}_{B}>1$},
  author = {Egiyan, K. Sh. and others},
  collaboration = {CLAS Collaboration},
  journal = {Phys. Rev. C},
  volume = {68},
  issue = {1},
  pages = {014313},
  numpages = {10},
  year = {2003},
  month = {Jul},
  publisher = {American Physical Society},
  doi = {10.1103/PhysRevC.68.014313},
  url = {https://link.aps.org/doi/10.1103/PhysRevC.68.014313}
}

@article{PhysRevLett.96.082501,
  title = {Measurement of {T}wo- and {T}hree-{N}ucleon {S}hort-{R}ange {C}orrelation {P}robabilities in {N}uclei},
  author = {Egiyan, K. S. and others},
  collaboration = {CLAS Collaboration},
  journal = {Phys. Rev. Lett.},
  volume = {96},
  issue = {8},
  pages = {082501},
  numpages = {6},
  year = {2006},
  month = {Mar},
  publisher = {American Physical Society},
  doi = {10.1103/PhysRevLett.96.082501},
  url = {https://link.aps.org/doi/10.1103/PhysRevLett.96.082501}
}

@article{PhysRevLett.99.072501,
  title = {Investigation of {P}roton-{P}roton {S}hort-{R}ange {C}orrelations via the $^{12}\mathrm{C}(e,e'pp)$ {R}eaction},
  author = {Shneor, R. and others},
  collaboration = {Jefferson Lab Hall A Collaboration},
  journal = {Phys. Rev. Lett.},
  volume = {99},
  issue = {7},
  pages = {072501},
  numpages = {5},
  year = {2007},
  month = {Aug},
  publisher = {American Physical Society},
  doi = {10.1103/PhysRevLett.99.072501},
  url = {https://link.aps.org/doi/10.1103/PhysRevLett.99.072501}
}

@article{Fomin_2017,
   title={New {R}esults on {S}hort-{R}ange {C}orrelations in {N}uclei},
   volume={67},
   ISSN={1545-4134},
   url={http://dx.doi.org/10.1146/annurev-nucl-102115-044939},
   DOI={10.1146/annurev-nucl-102115-044939},
   number={1},
   journal={Annual Review of Nuclear and Particle Science},
   publisher={Annual Reviews},
   author={Fomin, Nadia and Higinbotham, Douglas and Sargsian, Misak and Solvignon, Patricia},
   year={2017},
   month={Oct},
   pages={129–159}
}

%-----------------------------------------------------------


%--------------Transition from Nucleonic to Quark-gluon degrees of freedom experimental observations Articles-------
@article{PhysRevLett.81.4576,
  title = {Measurements of {D}euteron {P}hotodisintegration up to 4.0 {G}e{V}},
  author = {Bochna, C. and others},
  journal = {Phys. Rev. Lett.},
  volume = {81},
  issue = {21},
  pages = {4576--4579},
  numpages = {0},
  year = {1998},
  month = {Nov},
  publisher = {American Physical Society},
  doi = {10.1103/PhysRevLett.81.4576},
  url = {https://link.aps.org/doi/10.1103/PhysRevLett.81.4576}
}


@article{PhysRevLett.87.102302,
  title = {Measurement of the {H}igh {E}nergy {T}wo-{B}ody {D}euteron {P}hotodisintegration {D}ifferential {C}ross {S}ection},
  author = {Schulte, E. C. and others},
  journal = {Phys. Rev. Lett.},
  volume = {87},
  issue = {10},
  pages = {102302},
  numpages = {4},
  year = {2001},
  month = {Aug},
  publisher = {American Physical Society},
  doi = {10.1103/PhysRevLett.87.102302},
  url = {https://link.aps.org/doi/10.1103/PhysRevLett.87.102302}
}

@article{PhysRevC.66.042201,
  title = {High energy angular distribution measurements of the exclusive deuteron photodisintegration reaction},
  author = {Schulte, E. C. and others},
  journal = {Phys. Rev. C},
  volume = {66},
  issue = {4},
  pages = {042201},
  numpages = {5},
  year = {2002},
  month = {Oct},
  publisher = {American Physical Society},
  doi = {10.1103/PhysRevC.66.042201},
  url = {https://link.aps.org/doi/10.1103/PhysRevC.66.042201}
}

@article{PhysRevC.70.014005,
  title = {Complete angular distribution measurements of two-body deuteron photodisintegration between $0.5$ and $3\phantom{\rule{0.3em}{0ex}}\mathrm{GeV}$},
  author = {Mirazita, M. and others},
  collaboration = {CLAS Collaboration},
  journal = {Phys. Rev. C},
  volume = {70},
  issue = {1},
  pages = {014005},
  numpages = {12},
  year = {2004},
  month = {Jul},
  publisher = {American Physical Society},
  doi = {10.1103/PhysRevC.70.014005},
  url = {https://link.aps.org/doi/10.1103/PhysRevC.70.014005}
}

%-------------------------------------------------------------------------------------------------------------------



%-----------------------------------

%-------P. Bosted Form Factor Parametrization------
@article{PhysRevC.51.409,
  title = {Empirical fit to the nucleon electromagnetic form factors},
  author = {Bosted, P. E.},
  journal = {Phys. Rev. C},
  volume = {51},
  issue = {1},
  pages = {409--411},
  numpages = {0},
  year = {1995},
  month = {Jan},
  publisher = {American Physical Society},
  doi = {10.1103/PhysRevC.51.409},
  url = {https://link.aps.org/doi/10.1103/PhysRevC.51.409}
}

%-------M. Lacombe,  Paris Potential Parametrization--------
@article{PhysRevC.21.861,
  title = {Parametrization of the {P}aris ${N}-{N}$ potential},
  author = {Lacombe, M. and Loiseau, B. and Richard, J. M. and Mau, R. Vinh and C\^ot\'e, J. and Pir\`es, P. and de Tourreil, R.},
  journal = {Phys. Rev. C},
  volume = {21},
  issue = {3},
  pages = {861--873},
  numpages = {0},
  year = {1980},
  month = {Mar},
  publisher = {American Physical Society},
  doi = {10.1103/PhysRevC.21.861},
  url = {https://link.aps.org/doi/10.1103/PhysRevC.21.861}
}

%------------CD Bonn Potential-------------
@article{PhysRevC.63.024001,
  title = {High-precision, charge-dependent {B}onn nucleon-nucleon potential},
  author = {Machleidt, R.},
  journal = {Phys. Rev. C},
  volume = {63},
  issue = {2},
  pages = {024001},
  numpages = {32},
  year = {2001},
  month = {Jan},
  publisher = {American Physical Society},
  doi = {10.1103/PhysRevC.63.024001},
  url = {https://link.aps.org/doi/10.1103/PhysRevC.63.024001}
}

%-------AV18 Potential------------
@article{PhysRevC.51.38,
  title = {Accurate nucleon-nucleon potential with charge-independence breaking},
  author = {Wiringa, R. B. and Stoks, V. G. J. and Schiavilla, R.},
  journal = {Phys. Rev. C},
  volume = {51},
  issue = {1},
  pages = {38--51},
  numpages = {0},
  year = {1995},
  month = {Jan},
  publisher = {American Physical Society},
  doi = {10.1103/PhysRevC.51.38},
  url = {https://link.aps.org/doi/10.1103/PhysRevC.51.38}
}

%-------deForest (1983) sigma_cc1 definition--------
@article{DEFOREST1983,
title = {Off-shell electron-nucleon cross sections: {T}he impulse approximation},
author = {Taber De Forest},
journal = {Nuclear Physics A},
volume = {392},
number = {2},
pages = {232--248},
year = {1983},
issn = {0375-9474},
doi = {https://doi.org/10.1016/0375-9474(83)90124-0},
url = {http://www.sciencedirect.com/science/article/pii/0375947483901240}
}

%---------J.M. Laget (2005)----------
@article{LAGET2005,
title = {The electro-disintegration of few body systems revisited},
author = {J.M. Laget},
journal = {Physics Letters B},
volume = {609},
number = {1},
pages = {49 - 56},
year = {2005},
issn = {0370-2693},
doi = {https://doi.org/10.1016/j.physletb.2005.01.046},
url = {http://www.sciencedirect.com/science/article/pii/S0370269305001139}
}

%-------Detectors NIM Articles (or technical reports or manuals)--------

%HMS/SHMS Calorimeters
@article{Mkrtchyan_2013,
   title={{T}he lead-glass electromagnetic calorimeters for the magnetic spectrometers in {H}all {C} at {J}efferson {L}ab},
   volume={719},
   ISSN={0168-9002},
   url={http://dx.doi.org/10.1016/j.nima.2013.03.070},
   DOI={10.1016/j.nima.2013.03.070},
   journal={Nuclear Instruments and Methods in Physics Research Section A: Accelerators, Spectrometers, Detectors and Associated Equipment},
   publisher={Elsevier BV},
   author={Mkrtchyan, H. and others},
   year={2013},
   month={Aug},
   pages={85–100}
}
%SHMS Hodoscopoes Technical Doc
@misc{hodo_techreport,
  author       = {G. Niculescu and I. Niculescu and M. Burton and D. Coquelin and K. Nisson and T. Jarell}, 
  title        = {{S}{H}{M}{S} {H}odoscope {S}cintillator {D}etectors},
  note         = {\url{https://hallcweb.jlab.org/document/howtos/shms_scintillator_hodoscope.pdf}}
}

%SHMS Noble Gas Cherenkov Tech Doc.
@misc{ngc_techreport,
  author       = {D. Day}, 
  title        = {{Preliminary Design of the SHMS Noble Cerenkov Detector}},
  note         = {\url{https://hallcweb.jlab.org/DocDB/0009/000933/001/shms-cerv6.pdf}}
}

%SHMS Drift Chambers Tech Doc.
@misc{dc_techreport,
  author       = {M.E. Christy and P. Monaghan and N. Kalantarians and D. Biswas and M. Long}, 
  title        = {{SHMS Drift Chambers}},
  note         = {\url{https://hallcweb.jlab.org/document/howtos/shms_drift_chambers.pdf}}
}

%Heavy Gas Cherenkov
@mastersthesis{Li_Wenliang_mthesis,
    author    = {Wenliang Li},
    title     = {{H}eavy {G}as {C}herenkov {D}etector {C}onstruction for {H}all {C} at {T}homas {J}efferson {N}ational {A}ccelerator {F}acility},
    school    = {University of Regina},
    year      = {2012},
    month    = {October},
    url     =  {https://ourspace.uregina.ca/handle/10294/3818}
}



%------ Database Citations (citing Hall C DOC DB)--------

%Target Boiling Studies
@misc{cyero_tgtBoil,
  title        = {HMS Target Boiling Studies},
  author       = {Carlos Yero}, 
  year         = {2019},
  note         = {\url{https://hallcweb.jlab.org/DocDB/0010/001023/003/TargetBoiling_v2.pdf}}
}

%Proton Absorption
@misc{cyero_pAbs,
  title        = {Proton Absorption},
  author       = {Carlos Yero}, 
  year         = {2019},
  note = {\url{https://hallcweb.jlab.org/DocDB/0010/001020/002/ProtonAbsorption_slides.pdf}}

}

%Kinematical Offsets and Uncertainties Determination
@misc{cyero_specKinUnc,
  title        = {Update on Spectrometer Offsets Determination Using H(e,e'p) Elastics},
  author       = {Carlos Yero}, 
  year         = {2019},
  note = {\url{https://hallcweb.jlab.org/DocDB/0010/001036/002/HC_SoftwareMeeting_Oct03_2019_pdf.pdf}}

}

%Optics Optimization Report
@misc{cyero_SHMSOptics,
  author       = {Carlos Yero}, 
  title        = {Optics Optimization for the D(e,e'p)n Experiment [E12-10-003]},
  year         = {2019},
  note         = {\url{https://hallcweb.jlab.org/DocDB/0010/001033/001/d2_optim.pdf}}
}


%My Theis
@phdthesis{cyero_phdthesis,
  author       = {Carlos Yero}, 
  title        = {{Cross Section Measurements of Deuteron Electro-Disintegration at Very High Recoil Momenta and Large 4-Momentum Transfers($Q^{2}$)}},
  school       = {Florida International University},
  year         = {in progress},
  address      = {11200 SW 8th St, Miami, FL 33199},
  month        = {7},
}

%SIMC (radiative corrections) source code
@article{PhysRevC.64.054610,
  title = {Radiative corrections for $(e,e'p)$ reactions at {G}e{V} energies},
  author = {Ent, R. and Filippone, B. W. and Makins, N. C. R. and Milner, R. G. and O'Neill, T. G. and Wasson, D. A.},
  journal = {Phys. Rev. C},
  volume = {64},
  issue = {5},
  pages = {054610},
  numpages = {23},
  year = {2001},
  month = {Oct},
  publisher = {American Physical Society},
  note = {\url{https://link.aps.org/doi/10.1103/PhysRevC.64.054610}}
}

%Nature Paper (2019) on SRC
@article{Barack_2019,
  title = {Modified structure of protons and neutrons in correlated pairs},
  author = {Schmookler, B. and Duer, M. and Schmidt, A. and others},
  journal = {Nature},
  volume = {566},
  pages = {354--358},
  year = {2019},
  month = {Feb},
  publisher = {Nature},
  note = {\url{https://doi.org/10.1038/s41586-019-0925-9}}
}

@article{RevModPhys.89.045002,
  title = {Nucleon-nucleon correlations, short-lived excitations, and the quarks within},
  author = {Hen, Or and Miller, Gerald A. and Piasetzky, Eli and Weinstein, Lawrence B.},
  journal = {Rev. Mod. Phys.},
  volume = {89},
  issue = {4},
  pages = {045002},
  numpages = {49},
  year = {2017},
  month = {Nov},
  publisher = {American Physical Society},
  doi = {10.1103/RevModPhys.89.045002},
  note = {\url{https://link.aps.org/doi/10.1103/RevModPhys.89.045002}}
}

%Supplemental Materials (Discussion of cuts applies, xSEC Table, etc.)
@misc{Suppl_Mat,
note={See Supplemental Material for detailed data/simulation analysis plots, several data tables with the reduced data
cross sections (and uncertainties) and relative uncertainties, and useful equations}
}