@article{einstein,
    author =       "Albert Einstein",
    title =        "{Zur Elektrodynamik bewegter K{\"o}rper}. ({German})
        [{On} the electrodynamics of moving bodies]",
    journal =      "Annalen der Physik",
    volume =       "322",
    number =       "10",
    pages =        "891--921",
    year =         "1905",
    DOI =          "http://dx.doi.org/10.1002/andp.19053221004"
}

@manual{manual,
  title        = {Target Boiling Studies},
  author       = {Carlos Yero}, 
  organization = {Hall C Document Database},
  address      = {Jefferson Lab},
  edition      = {1},
%  month        = {7},
  year         = {2018},
  note = {\url{http://aiweb.techfak.uni-bielefeld.de/content/bworld-robot-control-software/}}

}

@techreport{techreport,
  author       = {Peter Lambert}, 
  title        = {Tech Report on Optimization},
  institution  = {Hall C Document Database},
  year         = {1993},
  number       = {1},
  address      = {Jefferson Lab},
  month        = {7},
  note         = {\url{http://aiweb.techfak.uni-bielefeld.de/content/bworld-robot-control-software/}}
}