\begin{thebibliography}{99}


  \bibitem{d0det}
    Standard D\O\ detector reference:  \\
V.M.~Abazov {\sl et al.} (D0 Collaboration),
Nucl. Instrum. Methods Phys. Res. A {\bf 565}, 463  (2006).

  \bibitem{d0lumi}
    ** New ** D\O\ luminosity reference: \\
T.~Andeen {\sl et al.}, FERMILAB-TM-2365 (2007).

  \bibitem{pdg}
   Particle Data Group reference: \\
   W.-M.~Yao {\sl et al.}, Journal of Physics G {\bf 33}, 1 (2006).

  \bibitem{geant}
    {\sc Geant} reference: \\
    R. Brun and F. Carminati, CERN Program Library Long Writeup W5013, 1993 (unpublished).

  \bibitem{pythia}
    {\sc Pythia} reference: \\
    T. Sj\"{o}strand {\sl et al.}, Comput. Phys. Commun. {\bf 135}, 238 (2001).

  \bibitem{cteq}
    {\sc Cteq6} reference: \\
    J. Pumplin {\sl et al.}, JHEP {\bf 0207} 012 (2002) and
    D. Stump {\sl et al.}, JHEP {\bf 0310} 046 (2003).

  \bibitem{cls}
    LEP CL$_S$ reference: \\
    T. Junk, Nucl. Instrum. Methods A {\bf 434}, 435 (1999).

  \bibitem{d0limit}
   D\O\ Bayesian reference: \\
   I. Bertram {\sl et al.}, FERMILAB-TM-2104 (2000).

  \bibitem{d0jets}
  D\O\ cone-jet reference: \\
G.C.~Blazey {\it et al.}, in
{\sl Proceedings of the Workshop: QCD and Weak Boson
Physics in Run II,} edited by U.~Baur, R.K.~Ellis, and
D. Zeppenfeld, Fermilab-Pub-00/297 (2000).

\end{thebibliography}