% Bibliography for use with bibtex. 

@book{hu79,
  author = {John E. Hopcroft and Jeffrey D. Ullman},
  title = {Introduction to Automata Theory, Languages, and Computation},
  publisher = {Addison-Wesley},
  year= 1979
}

@article{rabinscott59,
  author = {Michael Rabin and Dana Scott},
  title = {Finite Automata and their Decision Problems},
  journal = {{IBM} Journal of Research and Development},
  volume = 3,
  number = 2,
  pages = {114--125},
  year = 1959
}

