@book{Leo,
    author    = "W.R. Leo",
    title     = "Techniques for Nuclear and Particle Physics Experiments: A How-to-Approach",
    year      = "1987",
    publisher = "Springer-Verlag New York, LLC",
    address   = "New York"
}

@article{boeglin2,
author = {Werner U. Boeglin},
title = {Coincidence Experiments with Electrons},
journal = {Czechoslovak Journal of Physics},
volume = {45},
year = {1995},
number = {4/5},
pages = {296--335}
}

@phdthesis{ibrahim ,
author = {Hassan F. Ibrahim},
title = {The $^{2}$H(e,e'p)n Reaction at High Four Momentum Transfer},
publisher = {Old Dominion University},
address = {Norfolk, VA},
year = {2006}
}

@misc{priv_comm_mark,
author = {Jones, M.K.},
title= {Private {C}ommunication},
howpublished= {},
month = {February 6,},
year = {2017},
note= {},
}






