@phdthesis{meekins ,
author = {David G. Meekins},
title = {Coherent $\pi^{0}$ Photoproduction on the
Deuteron},
publisher = {College of William and Mary},
address = {Williambsburg, VA},
year = {1998}
}



@article{baker,
author = {O.K. Baker, et. al},
title = {{The High Momentum Spectrometer} drift chambers
in  {Hall C} at {CEBAF}},
journal = {Nuclear Instruments and Methods in Physics Research},
volume = {A},
year = {1995},
number = {367},
pages = {92-95}
}
